<record><leader>00000cas a22000007a 4500</leader><controlfield tag="001">9608923</controlfield><controlfield tag="008">830615d18711874nyuwr ne      0    0eng d</controlfield><datafield ind1=" " ind2=" " tag="010"><subfield code="a">sn 83030645 </subfield></datafield><datafield ind1=" " ind2=" " tag="040"><subfield code="a">NPU</subfield><subfield code="b">eng</subfield><subfield code="c">NPU</subfield><subfield code="d">NPX</subfield><subfield code="d">DLC</subfield><subfield code="d">MGN</subfield><subfield code="d">NYS</subfield><subfield code="d">OCLCQ</subfield></datafield><datafield ind1=" " ind2=" " tag="042"><subfield code="a">msc</subfield></datafield><datafield ind1="0" ind2="0" tag="050"><subfield code="a">Newspaper 8829-X</subfield></datafield><datafield ind1="0" ind2=" " tag="130"><subfield code="a">New-York Republican (New York, N.Y. : 1871)</subfield></datafield><datafield ind1="1" ind2="0" tag="245"><subfield code="a">New-York Republican.</subfield></datafield><datafield ind1=" " ind2=" " tag="260"><subfield code="a">New-York [N.Y. :</subfield><subfield code="b">s.n.]</subfield></datafield><datafield ind1=" " ind2=" " tag="300"><subfield code="a">v. ;</subfield><subfield code="c">67 cm.</subfield></datafield><datafield ind1=" " ind2=" " tag="310"><subfield code="a">Weekly</subfield></datafield><datafield ind1="1" ind2=" " tag="362"><subfield code="a">Began Mar. 26, 1871; ceased in 1874?</subfield></datafield><datafield ind1=" " ind2=" " tag="500"><subfield code="a">Editor: A.J.H. Duganne, &lt;1871&gt;.</subfield></datafield><datafield ind1=" " ind2=" " tag="500"><subfield code="a">Publisher: New York Republican Newspaper Assn., &lt;1872&gt;.</subfield></datafield><datafield ind1=" " ind2=" " tag="500"><subfield code="a">"An independent, uncompromising Republican paper."</subfield></datafield><datafield ind1=" " ind2=" " tag="588"><subfield code="a">Description based on: Apr. 1, 1871.</subfield></datafield><datafield ind1=" " ind2="4" tag="651"><subfield code="a">New York (N.Y.)</subfield><subfield code="v">Newspapers.</subfield></datafield><datafield ind1=" " ind2=" " tag="752"><subfield code="a">United States</subfield><subfield code="b">New York</subfield><subfield code="c">New York</subfield><subfield code="d">New York.</subfield></datafield><datafield ind1="1" ind2=" " tag="029"><subfield code="a">AU@</subfield><subfield code="b">000025826460</subfield></datafield></record>